@book{1,
        author = "RC Mukherjee", 
        title = "Modern Approach to Chemical Calculation",
        publisher  = " Bharti Bhawan ",
}
@misc{2,
key={b},
title={"CHEMISTRY CENTRAL SCIENCE LIVE"},
howpublished={http://wps.prenhall.com/esm.html}
}
@misc{3,
key={b},
title={"CHEMISTRY KINETICS"},
howpublished={http://www.science.uwaterloo.ca/~cchieh/cact/chmkntcs.html}
}
