%@preamble{ "\makeatletter" }
%@preamble{ "\@ifundefined{url}{\def\url#1{\texttt{#1}}}{}" }
%@preamble{ "\makeatother" }

@book{1,
	author    = "Martin Gardner",
	title     = "aha! Gotcha: paradoxes to puzzle and delight.",
	year      = "1982",
	publisher = "W. H. Freeman and Company",
        pages     = "145 - 146",
        ISBN    = "0-7167-1361-6"
     }

@book{2, 
	author = "William Wu",
	title =  "Walking on a Stretching Rubber Band",
 	year =   "17-1-2003",
      	publisher  = "Wu:riddles forum ",
        address   = "http://www.ocf.berkeley.edu/$\sim$wwu/riddles/hard.shtml"
}

@book{3,
        author = "The Problem Site", 
        title = "The Long Walk",
        year = "1-10-2002",
        publisher  = " Maths puzzles on the web ",
        address = "http://theproblemsite.com/problems/mathhs/2002/Oct\textunderscore1.asp"
}

/*@book{knuth79,
	author = "Donald E. Knuth",
	title = "Tex and Metafont, New Directions in Typesetting",
	year = "1979",
	publisher = "American Mathematical Society and Digital Press",
	address = "Stanford"
}

/*@book{lamport94,
	author = "Leslie Lamport",
	title = "Latex: A Document Preparation System",
	year = "1994",
	edition = "Second",
	publisher = "Addison-Wesley",
	address = "Reading, Massachusetts"
}

/*@misc{patashnik88,
	author = "Oren Patashnik",
	title = "{B}ib{T}e{X}ing.  Documentation for General {B}ib{T}e{X} users",
	year = "1988",
	howpublished = "Electronic document accompanying BibTeX
distribution"
}
/*
@techreport{rahtz89,
	author = "Sebastian Rahtz",
	title = "A Survey of {T}ex and graphics",
	year = "1989",
	institution = "Department of Electronics and Computer Science",
	address = "University of Southampton, UK",
	number = "CSTR 89-7"
}
