
@misc{1,
key={a},
title={"WIKIPEDIA"},
howpublished={\url{https://en.wikipedia.org/wiki/Chemical_kinetics}}
}

@misc{2,
key={b},
title={"CHEMISTRY LIBREtexts"},
howpublished={\url{http://chem.libretexts.org/Core/Physical_and_Theoretical_Chemistry/Kinetics/Reaction_Rates/Second-Order_Reactions}}
}


@misc{3,
key={c},
title={"CHEMISTRY EDUCATION "},
howpublished={\url{http://www.math.wpi.edu/Course_Materials/Calc3/Labs/node2.html}}
}

@misc{4,
key={c},
title={"GOOGLE - Images"},
howpublished={\url{https://www.google.co.in/search?q=daiict+logo&biw=1536&bih=760&tbm=isch&imgil=QCV3D7ASoDEmCM%253A%253BJjdHlJTMI_DXnM%253Bhttp%25253A%25252F%25252Fwww.collegepravesh.com%25252Fengineering-colleges%25252Fdaiict-gandhinagar%25252F&source=iu&pf=m&fir=QCV3D7ASoDEmCM%253A%252CJjdHlJTMI_DXnM%252C_&usg=__WsyaOg5ujskPQ_jVlRKbywEa3Og%3D&ved=0ahUKEwjL4MmV863QAhXBLo8KHb_5CtMQyjcINw&ei=m6QsWIunEcHdvAS_86uYDQ#imgrc=QCV3D7ASoDEmCM%3A}}
}

%\printbibliography

