%@preamble{ "\makeatletter" }
%@preamble{ "\@ifundefined{url}{\def\url#1{\texttt{#1}}}{}" }
%@preamble{ "\makeatother" }

@book{1,
author    = "Crowd Sourcing",
title     = "Economic warfare",
publisher  = "Wikipedia",
address   = "https://en.wikipedia.org/wiki/Economic\_warfare "
}


@book{2, 
author = "Crowd Sourcing",
title =  "Arms race",
publisher  = "Wikipedia",
address   = "https://en.wikipedia.org/wiki/Arms\_race  "
}

@book{3,
author = "Sam Steingold", 
title = "Military Applications of Ordinary Differential Equations",
publisher  = "www.podval.org",
address = "http://www.podval.org/~sds/ode-mil.html "
}
